<?xml version="1.0" encoding="UTF-8"?><collection xmlns="http://www.loc.gov/MARC21/slim"><record><leader>00446nam--2200133-i-4500</leader><controlfield tag="001">000040557</controlfield><controlfield tag="002">20161230</controlfield><controlfield tag="005">20161230201042</controlfield><controlfield tag="008">060222s1000------------r-----000-0-eng-d</controlfield><datafield ind1=" " ind2=" " tag="245"><subfield code="a">Punch-card methods in research and documentation. with special reference to biology. transl.from the german</subfield></datafield><datafield ind1=" " ind2=" " tag="260"><subfield code="a">New York, Interscience Publ., Inc., 1961, Xiv + 274p</subfield></datafield><datafield ind1=" " ind2=" " tag="490"><subfield code="a">Library Science And Documentation</subfield></datafield><datafield ind1=" " ind2=" " tag="700"><subfield code="a">Scheele, Martin</subfield></datafield><datafield ind1=" " ind2=" " tag="852"><subfield code="a">17821</subfield></datafield></record></collection>